@book{pharr2016physically,
  title={Physically based rendering: From theory to implementation},
  author={Pharr, Matt and Jakob, Wenzel and Humphreys, Greg},
  year={2016},
  publisher={Morgan Kaufmann}
}

@inproceedings{christensen2015approximate,
  title={An approximate reflectance profile for efficient subsurface scattering},
  author={Christensen, Per H},
  booktitle={ACM SIGGRAPH 2015 Talks},
  pages={25},
  year={2015},
  organization={ACM}
}

@inproceedings{hanrahan1993reflection,
  title={Reflection from layered surfaces due to subsurface scattering},
  author={Hanrahan, Pat and Krueger, Wolfgang},
  booktitle={Proceedings of the 20th annual conference on Computer graphics and interactive techniques},
  pages={165--174},
  year={1993},
  organization={ACM}
}

@inproceedings{pharr2000monte,
  title={Monte Carlo evaluation of non-linear scattering equations for subsurface reflection},
  author={Pharr, Matt and Hanrahan, Pat},
  booktitle={Proceedings of the 27th annual conference on Computer graphics and interactive techniques},
  pages={75--84},
  year={2000},
  organization={ACM Press/Addison-Wesley Publishing Co.}
}

@inproceedings{kajiya1984ray,
  title={Ray tracing volume densities},
  author={Kajiya, James T and Von Herzen, Brian P},
  booktitle={ACM Siggraph Computer Graphics},
  volume={18},
  number={3},
  pages={165--174},
  year={1984},
  organization={ACM}
}

@incollection{stam1995multiple,
  title={Multiple scattering as a diffusion process},
  author={Stam, Jos},
  booktitle={Rendering Techniquesâ€™ 95},
  pages={41--50},
  year={1995},
  publisher={Springer}
}

@article{zhao2014high,
  title={High-order similarity relations in radiative transfer},
  author={Zhao, Shuang and Ramamoorthi, Ravi and Bala, Kavita},
  journal={ACM Transactions on Graphics (TOG)},
  volume={33},
  number={4},
  pages={104},
  year={2014},
  publisher={ACM}
}

@inproceedings{jensen2001practical,
  title={A practical model for subsurface light transport},
  author={Jensen, Henrik Wann and Marschner, Stephen R and Levoy, Marc and Hanrahan, Pat},
  booktitle={Proceedings of the 28th annual conference on Computer graphics and interactive techniques},
  pages={511--518},
  year={2001},
  organization={ACM}
}

@inproceedings{jensen2005rapid,
  title={A rapid hierarchical rendering technique for translucent materials},
  author={Jensen, Henrik Wann and Buhler, Juan},
  booktitle={ACM SIGGRAPH 2005 Courses},
  pages={12},
  year={2005},
  organization={ACM}
}

@inproceedings{donner2005light,
  title={Light diffusion in multi-layered translucent materials},
  author={Donner, Craig and Jensen, Henrik Wann},
  booktitle={ACM Transactions on Graphics (ToG)},
  volume={24},
  number={3},
  pages={1032--1039},
  year={2005},
  organization={ACM}
}

@inproceedings{habel2013photon,
  title={Photon beam diffusion: A hybrid monte carlo method for subsurface scattering},
  author={Habel, Ralf and Christensen, Per H and Jarosz, Wojciech},
  booktitle={Computer Graphics Forum},
  volume={32},
  number={4},
  pages={27--37},
  year={2013},
  organization={Wiley Online Library}
}

@inproceedings{d2011quantized,
  title={A quantized-diffusion model for rendering translucent materials},
  author={d'Eon, Eugene and Irving, Geoffrey},
  booktitle={ACM Transactions on Graphics (TOG)},
  volume={30},
  number={4},
  pages={56},
  year={2011},
  organization={ACM}
}

@inproceedings{luebke2006gpgpu,
  title={GPGPU: general-purpose computation on graphics hardware},
  author={Luebke, David and Harris, Mark and Govindaraju, Naga and Lefohn, Aaron and Houston, Mike and Owens, John and Segal, Mark and Papakipos, Matthew and Buck, Ian},
  booktitle={Proceedings of the 2006 ACM/IEEE conference on Supercomputing},
  pages={208},
  year={2006},
  organization={ACM}
}

@article{han2011hicuda,
  title={hiCUDA: High-level GPGPU programming},
  author={Han, Tianyi David and Abdelrahman, Tarek S},
  journal={IEEE Transactions on Parallel and Distributed systems},
  volume={22},
  number={1},
  pages={78--90},
  year={2011},
  publisher={IEEE}
}

@inproceedings{kajiya1986rendering,
  title={The rendering equation},
  author={Kajiya, James T},
  booktitle={ACM SIGGRAPH computer graphics},
  volume={20},
  number={4},
  pages={143--150},
  year={1986},
  organization={ACM}
}

@article{owen2000safe,
  title={Safe and effective importance sampling},
  author={Owen, Art and Zhou, Yi},
  journal={Journal of the American Statistical Association},
  volume={95},
  number={449},
  pages={135--143},
  year={2000},
  publisher={Taylor \& Francis Group}
}

@inproceedings{d2007efficient,
  title={Efficient rendering of human skin},
  author={d'Eon, Eugene and Luebke, David and Enderton, Eric},
  booktitle={Proceedings of the 18th Eurographics conference on Rendering Techniques},
  pages={147--157},
  year={2007},
  organization={Eurographics Association}
}

@article{aila2012understanding,
  title={Understanding the efficiency of ray traversal on GPUs--Kepler and Fermi addendum},
  author={Aila, Timo and Laine, Samuli and Karras, Tero},
  journal={NVIDIA Corporation, NVIDIA Technical Report NVR-2012-02},
  year={2012}
}

@inproceedings{borshukov2005realistic,
  title={Realistic human face rendering for the matrix reloaded},
  author={Borshukov, George and Lewis, John P},
  booktitle={ACM Siggraph 2005 Courses},
  pages={13},
  year={2005},
  organization={ACM}
}